@ARTICLE{RefA, 
	author={Y. {Bouali} and B. {Mohammed} and K. {Ahmed}},  
	journal={Random journal},  
	title={Review of Renewable Energy Sources}, 
	year={2023},  
	volume={1},  
	number={2},  
	pages={01-02},doi={10.1109/XXXX.2023.YYYY}}
@ARTICLE{RefB, 
	author={Y. {Bouali} and B. {Mohammed} and K. {Ahmed}},  
	journal={Random journal},  
	title={Review of Renewable Energy Sources 2}, 
	year={2022},  
	volume={2},  
	number={2},  
	pages={01-02},doi={10.1109/XXXX.2023.YYYY}}
@ARTICLE{RefC, 
	author={Y. {Bouali} and B. {Mohammed} and K. {Ahmed}},  
	journal={Random journal},  
	title={Review of Renewable Energy Sources 3}, 
	year={2020},  
	volume={3},  
	number={2},  
	pages={01-02},doi={10.1109/XXXX.2023.YYYY}}